@BOOK{ Knuth:TeX,
  author="Knuth, Donald E.",
  title="The {T}e{X} book",
  publisher="Addison-Wesley",
  year=1984
}

@BOOK{ Lamport:LaTeX,
  author="Lamport, Leslie",
  title="{LaTeX}: A Document Preparation System (2nd Edition)",
  publisher="Addison-Wesley",
  year=1994
}
